<record><leader>00000cas a22000007a 4500</leader><controlfield tag="001">11829167</controlfield><controlfield tag="008">850320d19831985utuwr ne      0    0eng d</controlfield><datafield ind1=" " ind2=" " tag="010"><subfield code="a">sn 85058072 </subfield></datafield><datafield ind1=" " ind2=" " tag="040"><subfield code="a">UNP</subfield><subfield code="b">eng</subfield><subfield code="c">UNP</subfield><subfield code="d">OCLCQ</subfield></datafield><datafield ind1=" " ind2=" " tag="042"><subfield code="a">msc</subfield></datafield><datafield ind1="0" ind2=" " tag="130"><subfield code="a">Lakeside review (South ed.)</subfield></datafield><datafield ind1="1" ind2="0" tag="245"><subfield code="a">Lakeside review.</subfield></datafield><datafield ind1="1" ind2="7" tag="246"><subfield code="a">Lakeside review south</subfield></datafield><datafield ind1=" " ind2=" " tag="250"><subfield code="a">South ed.</subfield></datafield><datafield ind1=" " ind2=" " tag="260"><subfield code="a">Bountiful, Utah :</subfield><subfield code="b">Standard Corp.,</subfield><subfield code="c">1983-</subfield></datafield><datafield ind1=" " ind2=" " tag="300"><subfield code="a">v. :</subfield><subfield code="b">ill.</subfield></datafield><datafield ind1=" " ind2=" " tag="310"><subfield code="a">Weekly</subfield></datafield><datafield ind1="0" ind2=" " tag="362"><subfield code="a">Vol. 3, no. 27 (Mar. 2, 1983)-</subfield></datafield><datafield ind1="1" ind2=" " tag="362"><subfield code="a">Ceased with Feb. 13, 1985 issue.</subfield><subfield code="z">Cf. Jan. 23, 1985 issue of Lakeside review (North ed.).</subfield></datafield><datafield ind1=" " ind2=" " tag="580"><subfield code="a">Continues in part: Lakeside review (Roy, Utah).</subfield></datafield><datafield ind1=" " ind2=" " tag="580"><subfield code="a">Merged with: Lakeside review (North ed.), to form: Lakeside review (Layton, Utah).</subfield></datafield><datafield ind1=" " ind2=" " tag="752"><subfield code="a">United States</subfield><subfield code="b">Utah</subfield><subfield code="c">Davis</subfield><subfield code="d">Bountiful.</subfield></datafield><datafield ind1="1" ind2="1" tag="780"><subfield code="t">Lakeside review (Roy, Utah)</subfield><subfield code="w">(DLC)sn 85058070</subfield><subfield code="w">(OCoLC)11829133</subfield></datafield><datafield ind1="1" ind2="4" tag="785"><subfield code="t">Lakeside review (North ed.)</subfield><subfield code="w">(DLC)sn 85058071</subfield><subfield code="w">(OCoLC)11829153</subfield></datafield><datafield ind1="1" ind2="4" tag="785"><subfield code="t">Lakeside review (Layton, Utah)</subfield><subfield code="w">(DLC)sn 86091390</subfield><subfield code="w">(OCoLC)13782376</subfield></datafield></record>